@ARTICLE{crain15,
   author = {{Crain}, R.~A. and {Schaye}, J. and {Bower}, R.~G. and {Furlong}, M. and 
    {Schaller}, M. and {Theuns}, T. and {Dalla Vecchia}, C. and 
    {Frenk}, C.~S. and {McCarthy}, I.~G. and {Helly}, J.~C. and 
    {Jenkins}, A. and {Rosas-Guevara}, Y.~M. and {White}, S.~D.~M. and 
    {Trayford}, J.~W.},
    title = "{The EAGLE simulations of galaxy formation: calibration of subgrid physics and 
model variations}",
  journal = {\mnras},
archivePrefix = "arXiv",
   eprint = {1501.01311},
 keywords = {galaxies: evolution, galaxies: formation, galaxies: haloes, cosmology: 
theory},
     year = 2015,
    month = jun,
   volume = 450,
    pages = {1937-1961},
      doi = {10.1093/mnras/stv725},
   adsurl = {http://adsabs.harvard.edu/abs/2015MNRAS.450.1937C},
  adsnote = {Provided by the SAO/NASA Astrophysics Data System}
}

@ARTICLE{han18,
   author = {{Han}, J. and {Cole}, S. and {Frenk}, C.~S. and {Benitez-Llambay}, A. 
and 
    {Helly}, J.},
    title = "{HBT+: an improved code for finding subhaloes and building merger 
trees in cosmological simulations}",
  journal = {\mnras},
archivePrefix = "arXiv",
   eprint = {1708.03646},
 keywords = {gravitational lensing: strong, methods: numerical, galaxies: haloes, 
dark matter},
     year = 2018,
    month = feb,
   volume = 474,
    pages = {604-617},
      doi = {10.1093/mnras/stx2792},
   adsurl = {http://adsabs.harvard.edu/abs/2018MNRAS.474..604H},
  adsnote = {Provided by the SAO/NASA Astrophysics Data System}
}

@ARTICLE{rhee17,
   author = {{Rhee}, J. and {Smith}, R. and {Choi}, H. and {Yi}, S.~K. and 
    {Jaff{\'e}}, Y. and {Candlish}, G. and {S{\'a}nchez-J{\'a}nssen}, R.
    },
    title = "{Phase-space Analysis in the Group and Cluster Environment: Time 
Since Infall and Tidal Mass Loss}",
  journal = {\apj},
archivePrefix = "arXiv",
   eprint = {1704.04243},
 keywords = {galaxies: clusters: general, galaxies: evolution, galaxies: groups: 
general, galaxies: halos, galaxies: interactions, galaxies: kinematics and 
dynamics},
     year = 2017,
    month = jul,
   volume = 843,
      eid = {128},
    pages = {128},
      doi = {10.3847/1538-4357/aa6d6c},
   adsurl = {http://adsabs.harvard.edu/abs/2017ApJ...843..128R},
  adsnote = {Provided by the SAO/NASA Astrophysics Data System}
}

@ARTICLE{schaye15,
   author = {{Schaye}, J. and {Crain}, R.~A. and {Bower}, R.~G. and {Furlong}, M. and 
    {Schaller}, M. and {Theuns}, T. and {Dalla Vecchia}, C. and 
    {Frenk}, C.~S. and {McCarthy}, I.~G. and {Helly}, J.~C. and 
    {Jenkins}, A. and {Rosas-Guevara}, Y.~M. and {White}, S.~D.~M. and 
    {Baes}, M. and {Booth}, C.~M. and {Camps}, P. and {Navarro}, J.~F. and 
    {Qu}, Y. and {Rahmati}, A. and {Sawala}, T. and {Thomas}, P.~A. and 
    {Trayford}, J.},
    title = "{The EAGLE project: simulating the evolution and assembly of galaxies and their 
environments}",
  journal = {\mnras},
archivePrefix = "arXiv",
   eprint = {1407.7040},
 keywords = {methods: numerical, galaxies: evolution, galaxies: formation, cosmology: 
theory},
     year = 2015,
    month = jan,
   volume = 446,
    pages = {521-554},
      doi = {10.1093/mnras/stu2058},
   adsurl = {http://adsabs.harvard.edu/abs/2015MNRAS.446..521S},
  adsnote = {Provided by the SAO/NASA Astrophysics Data System}
}

@ARTICLE{sifon18_meneacs,
   author = {{Sif{\'o}n}, C. and {Herbonnet}, R. and {Hoekstra}, H. and {van der Burg}, R.~F.~J. and 
{Viola}, M.},
    title = "{The galaxy-subhalo connection in low-redshift galaxy clusters from weak gravitational lensing}",
  journal = {\mnras},
archivePrefix = "arXiv",
   eprint = {1706.06125},
 keywords = {gravitational lensing: weak, galaxies: evolution, galaxies: general, dark matter},
     year = 2018,
    month = jul,
   volume = 478,
    pages = {1244-1264},
      doi = {10.1093/mnras/sty1161},
   adsurl = {http://adsabs.harvard.edu/abs/2018MNRAS.478.1244S},
  adsnote = {Provided by the SAO/NASA Astrophysics Data System}
}

@ARTICLE{vdbosch18_nbody,
   author = {{van den Bosch}, F.~C. and {Ogiya}, G.},
    title = "{Dark matter substructure in numerical simulations: a tale of discreteness noise, runaway instabilities, and artificial 
disruption}",
  journal = {\mnras},
archivePrefix = "arXiv",
   eprint = {1801.05427},
 keywords = {instabilities, methods: numerical, galaxies: haloes, dark matter},
     year = 2018,
    month = apr,
   volume = 475,
    pages = {4066-4087},
      doi = {10.1093/mnras/sty084},
   adsurl = {http://adsabs.harvard.edu/abs/2018MNRAS.475.4066V},
  adsnote = {Provided by the SAO/NASA Astrophysics Data System}
}

@ARTICLE{vdbosch18_analytic,
   author = {{van den Bosch}, F.~C. and {Ogiya}, G. and {Hahn}, O. and {Burkert}, A.
},
    title = "{Disruption of dark matter substructure: fact or fiction?}",
  journal = {\mnras},
archivePrefix = "arXiv",
   eprint = {1711.05276},
 keywords = {gravitation, methods: analytical, methods: numerical, galaxies: haloes, dark matter},
     year = 2018,
    month = mar,
   volume = 474,
    pages = {3043-3066},
      doi = {10.1093/mnras/stx2956},
   adsurl = {http://adsabs.harvard.edu/abs/2018MNRAS.474.3043V},
  adsnote = {Provided by the SAO/NASA Astrophysics Data System}
}

@ARTICLE{vanuitert16,
   author = {{van Uitert}, E. and {Cacciato}, M. and {Hoekstra}, H. and {Brouwer}, M. and 
    {Sif{\'o}n}, C. and {Viola}, M. and {Baldry}, I. and {Bland-Hawthorn}, J. and 
    {Brough}, S. and {Brown}, M.~J.~I. and {Choi}, A. and {Driver}, S.~P. and 
    {Erben}, T. and {Heymans}, C. and {Hildebrandt}, H. and {Joachimi}, B. and 
    {Kuijken}, K. and {Liske}, J. and {Loveday}, J. and {McFarland}, J. and 
    {Miller}, L. and {Nakajima}, R. and {Peacock}, J. and {Radovich}, M. and 
    {Robotham}, A.~S.~G. and {Schneider}, P. and {Sikkema}, G. and 
    {Verdoes Kleijn}, G.},
    title = "{The stellar-to-halo mass relation of GAMA galaxies from 100 square degrees of 
KiDS weak lensing data}",
  journal = {\mnras},
archivePrefix = "arXiv",
   eprint = {1601.06791},
 keywords = {gravitational lensing: weak, methods: observational, galaxies: haloes, 
galaxies: luminosity function, mass function, galaxies: groups: general},
     year = 2016,
    month = apr,
      doi = {10.1093/mnras/stw747},
   adsurl = {http://adsabs.harvard.edu/abs/2016MNRAS.tmp..601V},
  adsnote = {Provided by the SAO/NASA Astrophysics Data System}
}

